@article{khan2017conjugate,
  title={Conjugate-Computation Variational Inference: Converting Variational Inference in Non-Conjugate Models to Inferences in Conjugate Models},
  author={Khan, Mohammad Emtiyaz and Lin, Wu},
  journal={arXiv preprint arXiv:1703.04265},
  year={2017}
}

@article{opper2009variational,
  title={The Variational Gaussian Approximation Revisited},
  author={Opper, Manfred and Archambeau, C{\'e}dric},
  journal={Neural computation},
  volume={21},
  number={3},
  pages={786--792},
  year={2009},
  publisher={MIT Press}
}

@inproceedings{teh2006collapsed,
  title={A Collapsed Variational Bayesian Inference Algorithm for Latent Dirichlet Allocation},
  author={Teh, Yee Whye and Newman, David and Welling, Max},
  booktitle={NIPS},
  volume={6},
  pages={1378--1385},
  year={2006}
}

@article{khan2012variational,
  title={Variational learning for latent Gaussian model of discrete data},
  author={Khan, Mohammad},
  year={2012},
  publisher={University of British Columbia}
}